<?xml version = "1.0" encoding = "UTF-8"?><record>
  <leader>02050nam#a2200685#c#4500</leader>
  <controlfield tag="005">20200825155400.0</controlfield>
  <controlfield tag="007">tu</controlfield>
  <controlfield tag="008">200813|2020####gw############|||#|#ger#c</controlfield>
  <controlfield tag="003">DE-605</controlfield>
  <controlfield tag="001">990367461740206441</controlfield>
  <datafield tag="015" ind1=" " ind2=" ">
    <subfield code="a">20,N30</subfield>
    <subfield code="2">dnb</subfield>
  </datafield>
  <datafield tag="016" ind1="7" ind2=" ">
    <subfield code="a">1213828902</subfield>
    <subfield code="2">DE-101b</subfield>
  </datafield>
  <datafield tag="016" ind1="7" ind2=" ">
    <subfield code="a">1176479750</subfield>
    <subfield code="2">OCoLC</subfield>
  </datafield>
  <datafield tag="020" ind1=" " ind2=" ">
    <subfield code="a">9783848768479</subfield>
    <subfield code="c">broschiert : circa EUR 49.00 (DE)</subfield>
    <subfield code="9">978-3-8487-6847-9</subfield>
    <subfield code="0">(uri) http://www.isbnsearch.org/isbn/9783848768479</subfield>
  </datafield>
  <datafield tag="020" ind1=" " ind2=" ">
    <subfield code="a">384876847X</subfield>
    <subfield code="9">3-8487-6847-X</subfield>
    <subfield code="0">(uri) http://www.isbnsearch.org/isbn/384876847X</subfield>
  </datafield>
  <datafield tag="024" ind1="3" ind2=" ">
    <subfield code="a">9783848768479</subfield>
    <subfield code="0">(uri) http://www.isbnsearch.org/isbn/9783848768479</subfield>
  </datafield>
  <datafield tag="035" ind1=" " ind2=" ">
    <subfield code="a">(ELiSA)ELiSA-9783848768479</subfield>
  </datafield>
  <datafield tag="035" ind1=" " ind2=" ">
    <subfield code="a">(OCoLC)1176479750</subfield>
    <subfield code="0">(uri) http://www.worldcat.org/oclc/1176479750</subfield>
  </datafield>
  <datafield tag="035" ind1=" " ind2=" ">
    <subfield code="a">(DE-599)DNB1213828902</subfield>
  </datafield>
  <datafield tag="035" ind1=" " ind2=" ">
    <subfield code="a">(DE-605)HT020553083</subfield>
  </datafield>
  <datafield tag="040" ind1=" " ind2=" ">
    <subfield code="c">DE-605</subfield>
    <subfield code="a">6</subfield>
    <subfield code="b">ger</subfield>
    <subfield code="d">6</subfield>
    <subfield code="e">rda</subfield>
    <subfield code="d">DE-605</subfield>
  </datafield>
  <datafield tag="041" ind1=" " ind2=" ">
    <subfield code="a">ger</subfield>
  </datafield>
  <datafield tag="044" ind1=" " ind2=" ">
    <subfield code="c">XA-DE-BW</subfield>
  </datafield>
  <datafield tag="082" ind1="0" ind2=" ">
    <subfield code="a">650</subfield>
    <subfield code="2">23sdnb</subfield>
  </datafield>
  <datafield tag="084" ind1=" " ind2=" ">
    <subfield code="a">650</subfield>
    <subfield code="q">DE-101</subfield>
    <subfield code="2">sdnb</subfield>
  </datafield>
  <datafield tag="245" ind1="0" ind2="0">
    <subfield code="a">Lehren aus Corona</subfield>
    <subfield code="b">Impulse aus der Wirtschafts- und Unternehmensethik</subfield>
    <subfield code="c">Alexander Brink, HRsg.</subfield>
  </datafield>
  <datafield tag="263" ind1=" " ind2=" ">
    <subfield code="a">Erscheint: Dezember 2020</subfield>
  </datafield>
  <datafield tag="264" ind1=" " ind2="1">
    <subfield code="a">Baden-Baden</subfield>
    <subfield code="b">Nomos</subfield>
    <subfield code="c">2020</subfield>
  </datafield>
  <datafield tag="300" ind1=" " ind2=" ">
    <subfield code="a">250 Seiten</subfield>
    <subfield code="c">22.7 cm x 15.3 cm</subfield>
  </datafield>
  <datafield tag="336" ind1=" " ind2=" ">
    <subfield code="b">txt</subfield>
  </datafield>
  <datafield tag="337" ind1=" " ind2=" ">
    <subfield code="b">n</subfield>
  </datafield>
  <datafield tag="338" ind1=" " ind2=" ">
    <subfield code="b">nc</subfield>
  </datafield>
  <datafield tag="653" ind1=" " ind2=" ">
    <subfield code="a">Corporate Social Responsibility</subfield>
  </datafield>
  <datafield tag="653" ind1=" " ind2=" ">
    <subfield code="a">Gemeinwohl&#246;konomie</subfield>
  </datafield>
  <datafield tag="653" ind1=" " ind2=" ">
    <subfield code="a">Home Office</subfield>
  </datafield>
  <datafield tag="653" ind1=" " ind2=" ">
    <subfield code="a">Home Schooling</subfield>
  </datafield>
  <datafield tag="653" ind1=" " ind2=" ">
    <subfield code="a">Digitalisierung</subfield>
  </datafield>
  <datafield tag="653" ind1=" " ind2=" ">
    <subfield code="a">Altruismus</subfield>
  </datafield>
  <datafield tag="653" ind1=" " ind2=" ">
    <subfield code="a">CSR</subfield>
  </datafield>
  <datafield tag="653" ind1=" " ind2=" ">
    <subfield code="a">Welfare economics</subfield>
  </datafield>
  <datafield tag="653" ind1=" " ind2=" ">
    <subfield code="a">Digitazation</subfield>
  </datafield>
  <datafield tag="653" ind1=" " ind2=" ">
    <subfield code="a">Altruism</subfield>
  </datafield>
  <datafield tag="653" ind1=" " ind2=" ">
    <subfield code="a">Corona</subfield>
  </datafield>
  <datafield tag="653" ind1=" " ind2=" ">
    <subfield code="a">Covid-19</subfield>
  </datafield>
  <datafield tag="653" ind1=" " ind2=" ">
    <subfield code="a">Corona-Krise</subfield>
  </datafield>
  <datafield tag="653" ind1=" " ind2=" ">
    <subfield code="a">Pandemie</subfield>
  </datafield>
  <datafield tag="653" ind1=" " ind2=" ">
    <subfield code="a">Seuchenschutz</subfield>
  </datafield>
  <datafield tag="653" ind1=" " ind2=" ">
    <subfield code="a">Nachhaltigkeit</subfield>
  </datafield>
  <datafield tag="653" ind1=" " ind2=" ">
    <subfield code="a">Globalisierung</subfield>
  </datafield>
  <datafield tag="653" ind1=" " ind2=" ">
    <subfield code="a">Postmaterialismus</subfield>
  </datafield>
  <datafield tag="653" ind1=" " ind2=" ">
    <subfield code="a">Postwachstumsgesellschaft</subfield>
  </datafield>
  <datafield tag="710" ind1="2" ind2=" ">
    <subfield code="a">Nomos Verlagsgesellschaft</subfield>
    <subfield code="0">(DE-588)117513-0</subfield>
    <subfield code="4">pbl</subfield>
    <subfield code="0">(uri) https://portal.dnb.de/opac.htm?method=simpleSearch&amp;cqlMode=true&amp;query=idn=001175130</subfield>
    <subfield code="0">(uri) http://viaf.org/viaf/sourceID/DNB|001175130</subfield>
    <subfield code="B">GND-001175130</subfield>
  </datafield>
  <datafield tag="700" ind1="1" ind2=" ">
    <subfield code="a">Brink, Alexander</subfield>
    <subfield code="4">edt</subfield>
  </datafield>
  <datafield tag="700" ind1="1" ind2=" ">
    <subfield code="a">Hollstein, Bettina</subfield>
    <subfield code="4">edt</subfield>
  </datafield>
  <datafield tag="700" ind1="1" ind2=" ">
    <subfield code="a">Neuh&#228;user, Christian</subfield>
    <subfield code="4">edt</subfield>
  </datafield>
  <datafield tag="700" ind1="1" ind2=" ">
    <subfield code="a">H&#252;bscher, Marc C.</subfield>
    <subfield code="4">edt</subfield>
  </datafield>
  <datafield tag="856" ind1="4" ind2="2">
    <subfield code="m">X:MVB</subfield>
    <subfield code="q">text/html</subfield>
    <subfield code="u">http://deposit.dnb.de/cgi-bin/dokserv?id=ee232f31f2ff46069d032f5d301b57e0&amp;prov=M&amp;dok_var=1&amp;dok_ext=htm</subfield>
    <subfield code="3">Inhaltstext</subfield>
  </datafield>
  <datafield tag="960" ind1="1" ind2=" ">
    <subfield code="b">bestellt</subfield>
  </datafield>
  <datafield tag="964" ind1="0" ind2="s">
    <subfield code="F">030</subfield>
    <subfield code="A">a|zur||||||37</subfield>
  </datafield>
  <datafield tag="964" ind1="0" ind2="s">
    <subfield code="F">050</subfield>
    <subfield code="A">a|a|||||||||||</subfield>
  </datafield>
  <datafield tag="964" ind1="0" ind2="s">
    <subfield code="F">051</subfield>
    <subfield code="A">m|||||||</subfield>
  </datafield>
  <datafield tag="MBD" ind1=" " ind2=" ">
    <subfield code="M">49HBZ_NETWORK</subfield>
    <subfield code="i">990367461740206441</subfield>
    <subfield code="n">HBZ Network</subfield>
  </datafield>
  <datafield tag="MBD" ind1=" " ind2=" ">
    <subfield code="M">49HBZ_UBD</subfield>
    <subfield code="i">991000732759706445</subfield>
    <subfield code="n">Technische Universit&#228;t Dortmund</subfield>
  </datafield>
  <datafield tag="020" ind1=" " ind2=" ">
    <subfield code="a">9783848768479</subfield>
    <subfield code="c">broschiert : circa EUR 49.00 (DE)</subfield>
    <subfield code="9">978-3-8487-6847-9</subfield>
    <subfield code="M">49HBZ_UBD</subfield>
  </datafield>
  <datafield tag="020" ind1=" " ind2=" ">
    <subfield code="a">384876847X</subfield>
    <subfield code="9">3-8487-6847-X</subfield>
    <subfield code="M">49HBZ_UBD</subfield>
  </datafield>
  <datafield tag="980" ind1="1" ind2=" ">
    <subfield code="e">HBZ</subfield>
    <subfield code="9">LOCAL</subfield>
    <subfield code="M">49HBZ_UBD</subfield>
  </datafield>
  <datafield tag="981" ind1=" " ind2=" ">
    <subfield code="a">(DE-290)1814789</subfield>
    <subfield code="9">LOCAL</subfield>
    <subfield code="M">49HBZ_UBD</subfield>
  </datafield>
  <datafield tag="997" ind1=" " ind2=" ">
    <subfield code="a">20201005</subfield>
    <subfield code="9">LOCAL</subfield>
    <subfield code="M">49HBZ_UBD</subfield>
  </datafield>
  <datafield tag="MBD" ind1=" " ind2=" ">
    <subfield code="M">49HBZ_BIE</subfield>
    <subfield code="i">991002734129706442</subfield>
    <subfield code="n">Universit&#228;t Bielefeld</subfield>
  </datafield>
  <datafield tag="020" ind1=" " ind2=" ">
    <subfield code="a">9783848768479</subfield>
    <subfield code="c">broschiert : circa EUR 49.00 (DE)</subfield>
    <subfield code="9">978-3-8487-6847-9</subfield>
    <subfield code="M">49HBZ_BIE</subfield>
  </datafield>
  <datafield tag="020" ind1=" " ind2=" ">
    <subfield code="a">384876847X</subfield>
    <subfield code="9">3-8487-6847-X</subfield>
    <subfield code="M">49HBZ_BIE</subfield>
  </datafield>
  <datafield tag="980" ind1="1" ind2=" ">
    <subfield code="e">HBZ</subfield>
    <subfield code="9">LOCAL</subfield>
    <subfield code="M">49HBZ_BIE</subfield>
  </datafield>
  <datafield tag="981" ind1=" " ind2=" ">
    <subfield code="a">(DE-361)2660214</subfield>
    <subfield code="9">LOCAL</subfield>
    <subfield code="M">49HBZ_BIE</subfield>
  </datafield>
  <datafield tag="997" ind1=" " ind2=" ">
    <subfield code="a">20201103</subfield>
    <subfield code="9">LOCAL</subfield>
    <subfield code="M">49HBZ_BIE</subfield>
  </datafield>
  <datafield tag="MBD" ind1=" " ind2=" ">
    <subfield code="M">49HBZ_DUE</subfield>
    <subfield code="i">990045400880206443</subfield>
    <subfield code="n">Universit&#228;t D&#252;sseldorf</subfield>
  </datafield>
  <datafield tag="020" ind1=" " ind2=" ">
    <subfield code="a">9783848768479</subfield>
    <subfield code="c">broschiert : circa EUR 49.00 (DE)</subfield>
    <subfield code="9">978-3-8487-6847-9</subfield>
    <subfield code="M">49HBZ_DUE</subfield>
  </datafield>
  <datafield tag="020" ind1=" " ind2=" ">
    <subfield code="a">384876847X</subfield>
    <subfield code="9">3-8487-6847-X</subfield>
    <subfield code="M">49HBZ_DUE</subfield>
  </datafield>
  <datafield tag="995" ind1=" " ind2=" ">
    <subfield code="a">LBS bestellt</subfield>
    <subfield code="9">LOCAL</subfield>
    <subfield code="M">49HBZ_DUE</subfield>
  </datafield>
  <datafield tag="MNG" ind1=" " ind2=" ">
    <subfield code="c">System</subfield>
    <subfield code="f">HBZ</subfield>
    <subfield code="i">marc21</subfield>
    <subfield code="h">20200825155400.0</subfield>
    <subfield code="k">01</subfield>
    <subfield code="e">false</subfield>
    <subfield code="d">2021-03-06 16:04:44 Europe/Berlin</subfield>
    <subfield code="g">036746174-HBZ01</subfield>
    <subfield code="j">50</subfield>
    <subfield code="a">import</subfield>
    <subfield code="b">2020-11-23 05:04:30 Europe/Berlin</subfield>
  </datafield>
  <datafield tag="H52" ind1="p" ind2=" ">
    <subfield code="b">X0001</subfield>
    <subfield code="c">08</subfield>
    <subfield code="h"></subfield>
    <subfield code="8">22188280770006443</subfield>
  </datafield>
  <datafield tag="HOL" ind1=" " ind2=" ">
    <subfield code="b">2020-11-16 15:04:11</subfield>
    <subfield code="8">22188280770006443</subfield>
    <subfield code="M">49HBZ_DUE</subfield>
    <subfield code="g">false</subfield>
    <subfield code="a">import</subfield>
  </datafield>
  <datafield tag="H52" ind1="p" ind2=" ">
    <subfield code="b">X0001</subfield>
    <subfield code="c">03</subfield>
    <subfield code="h"></subfield>
    <subfield code="8">22188280790006443</subfield>
  </datafield>
  <datafield tag="HOL" ind1=" " ind2=" ">
    <subfield code="b">2020-11-16 15:04:11</subfield>
    <subfield code="8">22188280790006443</subfield>
    <subfield code="M">49HBZ_DUE</subfield>
    <subfield code="g">false</subfield>
    <subfield code="a">import</subfield>
  </datafield>
  <datafield tag="ITM" ind1=" " ind2=" ">
    <subfield code="H">22188280790006443</subfield>
    <subfield code="x">03</subfield>
    <subfield code="v">03</subfield>
    <subfield code="p">10</subfield>
    <subfield code="X">ERW</subfield>
    <subfield code="Y">2021-04-08 09:33:02</subfield>
    <subfield code="M">49HBZ_DUE</subfield>
    <subfield code="s">0</subfield>
    <subfield code="d">p</subfield>
    <subfield code="V">Acquisition (PO line ZL20-176)</subfield>
    <subfield code="a">23233888240006443</subfield>
    <subfield code="r">ACQ</subfield>
    <subfield code="S">ZL20-176</subfield>
    <subfield code="W">2021-04-08 09:31:25</subfield>
    <subfield code="u">X0001</subfield>
    <subfield code="w">X0001</subfield>
  </datafield>
  <datafield tag="ITM" ind1=" " ind2=" ">
    <subfield code="H">22188280770006443</subfield>
    <subfield code="x">08</subfield>
    <subfield code="f">BOOK</subfield>
    <subfield code="v">08</subfield>
    <subfield code="p">41</subfield>
    <subfield code="X">System</subfield>
    <subfield code="Y">2020-11-16 15:05:04</subfield>
    <subfield code="h">false</subfield>
    <subfield code="M">49HBZ_DUE</subfield>
    <subfield code="s">0</subfield>
    <subfield code="d">p</subfield>
    <subfield code="V">import</subfield>
    <subfield code="O">Process Status: BS</subfield>
    <subfield code="a">23188280760006443</subfield>
    <subfield code="r">TECHNICAL</subfield>
    <subfield code="S">ZL20-176</subfield>
    <subfield code="W">2020-11-16 15:04:11</subfield>
    <subfield code="u">X0001</subfield>
    <subfield code="w">X0001</subfield>
  </datafield>
  <datafield tag="ITM" ind1=" " ind2=" ">
    <subfield code="H">22188280770006443</subfield>
    <subfield code="x">08</subfield>
    <subfield code="v">08</subfield>
    <subfield code="p">41</subfield>
    <subfield code="X">ERW</subfield>
    <subfield code="Y">2021-04-08 09:31:25</subfield>
    <subfield code="M">49HBZ_DUE</subfield>
    <subfield code="s">0</subfield>
    <subfield code="d">p</subfield>
    <subfield code="V">Acquisition (PO line ZL20-176)</subfield>
    <subfield code="a">23233888230006443</subfield>
    <subfield code="r">ACQ</subfield>
    <subfield code="S">ZL20-176</subfield>
    <subfield code="W">2021-04-08 09:31:25</subfield>
    <subfield code="u">X0001</subfield>
    <subfield code="w">X0001</subfield>
  </datafield>
  <datafield tag="ITM" ind1=" " ind2=" ">
    <subfield code="H">22188280790006443</subfield>
    <subfield code="x">03</subfield>
    <subfield code="f">BOOK</subfield>
    <subfield code="v">03</subfield>
    <subfield code="p">10</subfield>
    <subfield code="X">System</subfield>
    <subfield code="Y">2020-11-16 15:05:04</subfield>
    <subfield code="h">false</subfield>
    <subfield code="M">49HBZ_DUE</subfield>
    <subfield code="s">0</subfield>
    <subfield code="d">p</subfield>
    <subfield code="V">import</subfield>
    <subfield code="O">Process Status: BS</subfield>
    <subfield code="a">23188280780006443</subfield>
    <subfield code="r">TECHNICAL</subfield>
    <subfield code="S">ZB20-7729</subfield>
    <subfield code="W">2020-11-16 15:04:11</subfield>
    <subfield code="u">X0001</subfield>
    <subfield code="w">X0001</subfield>
  </datafield>
  <datafield tag="GKT" ind1="2" ind2=" ">
    <subfield code="a">Nomos Verlagsgesellschaft mbH &amp; Co. KG</subfield>
    <subfield code="4">nauv</subfield>
    <subfield code="4">http://d-nb.info/standards/elementset/gnd#variantName</subfield>
    <subfield code="w">r</subfield>
    <subfield code="i">Unveraenderte Form</subfield>
    <subfield code="e">Unveraenderte Form</subfield>
    <subfield code="A">GND</subfield>
    <subfield code="B">GND-001175130</subfield>
    <subfield code="C">410</subfield>
  </datafield>
  <datafield tag="GKT" ind1="2" ind2=" ">
    <subfield code="a">Nomos Verlagsgesellschaft</subfield>
    <subfield code="g">Baden-Baden</subfield>
    <subfield code="A">GND</subfield>
    <subfield code="B">GND-001175130</subfield>
    <subfield code="C">410</subfield>
  </datafield>
  <datafield tag="GKT" ind1="2" ind2=" ">
    <subfield code="a">Nomos Verlag</subfield>
    <subfield code="A">GND</subfield>
    <subfield code="B">GND-001175130</subfield>
    <subfield code="C">410</subfield>
  </datafield>
  <datafield tag="GSI" ind1="7" ind2=" ">
    <subfield code="a">http://d-nb.info/gnd/117513-0</subfield>
    <subfield code="2">uri</subfield>
    <subfield code="A">GND</subfield>
    <subfield code="B">GND-001175130</subfield>
    <subfield code="C">024</subfield>
  </datafield>
</record>